<record><leader>00000cas a22000007a 4500</leader><controlfield tag="001">13077165</controlfield><controlfield tag="008">860129d189u1900iauwr ne      0    0eng d</controlfield><datafield ind1=" " ind2=" " tag="010"><subfield code="a">sn 86060015 </subfield></datafield><datafield ind1=" " ind2=" " tag="040"><subfield code="a">INP</subfield><subfield code="b">eng</subfield><subfield code="c">INP</subfield><subfield code="d">OCLCQ</subfield></datafield><datafield ind1=" " ind2=" " tag="042"><subfield code="a">msc</subfield></datafield><datafield ind1="0" ind2=" " tag="130"><subfield code="a">Weekly telegraph (Atlantic, Iowa)</subfield></datafield><datafield ind1="1" ind2="4" tag="245"><subfield code="a">The weekly telegraph.</subfield></datafield><datafield ind1=" " ind2=" " tag="260"><subfield code="a">Atlantic, Iowa :</subfield><subfield code="b">Crawford &amp; Hollowell,</subfield><subfield code="c">-1900.</subfield></datafield><datafield ind1=" " ind2=" " tag="300"><subfield code="a">v. :</subfield><subfield code="b">ill. ;</subfield><subfield code="c">54 cm.</subfield></datafield><datafield ind1=" " ind2=" " tag="310"><subfield code="a">Weekly</subfield></datafield><datafield ind1="0" ind2=" " tag="362"><subfield code="a">-v. 29, no. 49 [Jan. 3, 1900].</subfield></datafield><datafield ind1=" " ind2=" " tag="500"><subfield code="a">Publishers: Crawford &amp; Hollowell, &lt;Feb. 15, 1893-Jan. 16, 1895&gt;; Ayres &amp; Hollowell, Feb. 27, 1895-Aug. 9, 1899; Egan, Anderson &amp; Co., &lt;Aug. 23-Dec. 27, 1899&gt;.</subfield></datafield><datafield ind1=" " ind2=" " tag="500"><subfield code="a">Editor: J.S. Crawford, &lt;Feb. 15, 1893&gt;-Jan. 16, 1895.</subfield></datafield><datafield ind1=" " ind2=" " tag="515"><subfield code="a">Issue for Jan. 3, 1900, misdated Jan. 3, 1899.</subfield></datafield><datafield ind1=" " ind2=" " tag="525"><subfield code="a">June 12, 1895, Aug. 26 and Sept. 9, 1896, issues include supplements.</subfield></datafield><datafield ind1=" " ind2=" " tag="588"><subfield code="a">Description based on: Vol. 23, no. 2 (Feb. 15, 1893).</subfield></datafield><datafield ind1=" " ind2=" " tag="752"><subfield code="a">United States</subfield><subfield code="b">Iowa</subfield><subfield code="c">Cass</subfield><subfield code="d">Atlantic.</subfield></datafield><datafield ind1="0" ind2=" " tag="775"><subfield code="t">Daily telegraph (Atlantic, Iowa)</subfield><subfield code="w">(DLC)sn 85049635</subfield><subfield code="g">&lt;Feb. 15, 1893&gt;-1900</subfield></datafield><datafield ind1="0" ind2="0" tag="780"><subfield code="t">Atlantic telegraph (Atlantic, Iowa)</subfield><subfield code="w">(DLC)sn 86060314</subfield></datafield><datafield ind1="0" ind2="0" tag="785"><subfield code="t">Semi-weekly telegraph (Atlantic, Iowa)</subfield><subfield code="w">(DLC)sn 86060018</subfield></datafield><datafield ind1="1" ind2=" " tag="029"><subfield code="a">AU@</subfield><subfield code="b">000023435622</subfield></datafield></record>